@article{wright1994syntactic,
  title={A syntactic approach to type soundness},
  author={Wright, Andrew K and Felleisen, Matthias},
  journal={Information and computation},
  volume={115},
  number={1},
  pages={38--94},
  year={1994},
  publisher={Elsevier}
}

@article{wessel2019semantics,
	title={The Semantics of Ownership and Borrowing in the Rust Programming Language},
	author={Wessel, Nienke and Wiedijk, Freek and Schoolderman, Marc},
	year={2019}
}
